%%%%%%%%%%%%%%%%%%%%%%%%%%% GRANTS %%%%%%%%%%%%%%%%%%%%%%%%%%%%%%%%%%%%%%%%%%%
%@grant{nasa_cc_2025,
%  author       = {Short Gianotti, Daniel J and Bryn E Morgan and Dara Entekhabi and David L Des Marais},
%  author+an    = {1=first,PI,me; 2=COI; 3=COI; 4=COI},
%  title         = {Separating the Structural and Physiological Dynamics of Global Primary 
%                  Productivity},
% fundingsource = {NASA Research Opportunities in Earth and Space Sciences},
% yearsubmitted          = {},
%  yearsfunded   = {},
%  call          = {Call: NNH24ZDA001N-CARBON, Carbon Cycle Science},
%  status        = {in prep},
%  fundingamount = {\$750,000}
%}

@grant{caspian_2024,
  author       = {Dara Entekhabi and Short Gianotti, Daniel J and Mohammad Reza Alizedah},
  author+an    = {1=first,PI; 2=me,COI; 3=COI},
  title         = {Causes of Historical Change, Environmental Resiliency and Future of the 
                   Caspian Sea},
  fundingsource = {Private Donor},
  yearsubmitted = {2024},
  yearsfunded   = {2024 -- 2027},
  call          = {},
  status        = {Funded},
  fundingamount = {\$494,747}
}

@grant{groundwater_2024,
  author       = {Mohammad Reza Alizedah and Short Gianotti, Daniel J and Dara Entekhabi},
  author+an    = {1=first,COI; 2=COI,me; 3=PI},
  title         = {Global Mapping of Groundwater Recharge and Sustainable Aquifer Water 
                   Withdrawals Using Satellite Observations},
  fundingsource = {MIT Climate and Sustainability Consortium},
  yearsubmitted = {2024},
  yearsfunded   = {2024 -- 2025},
  call          = {},
  status        = {Funded},
  fundingamount = {\$122,080}
}

@grant{portugal_2024,
  author       = {Short Gianotti, Daniel J and Dara Entekhabi},
  author+an    = {1=first,me,COI; 2=PI},
  title         = {Landcover Stability: Heating and Drying of Plants and Soils},
  fundingsource = {MIT-Portugal Program},
  yearsubmitted = {2024},
  yearsfunded   = {2024 -- 2026},
  call          = {},
  status        = {Funded},
  fundingamount = {\$259,002}
}

@grant{google_2024,
  author       = {Short Gianotti, Daniel J and Mohammed Reza Alizadeh and Dara Entekhabi},
  author+an    = {1=first,COI,me; 2=COI; 3=PI},
  title         = {Emergent Land Surface Benchmarks for Climate Models},
  fundingsource = {Google Research},
  call          = {Creating ML Benchmarks for Climate Problems},
  status        = {Not Funded},
  fundingamount = {\$262,172},
  year          = {2024}
}
       
@grant{chaparro_2020,
  author       = {David Chaparro and Short Gianotti, Daniel J and Andrew F Feldman and T Jagdhuber and Dara Entekhabi},
  cois          = {1=PI;2=COI,me;3=COI;4=COI;5=PI},
  title         = {Analysis of Water Relations in the Soil-Plant Continuum Using 
                   Microwave-Lidar Synergy},
  fundingsource = {Fundaci\'{o} La Caixa \& Massachusetts Institute of Technology},
  yearsubmitted = {2020},
  yearsfunded   = {2020 -- 2021},
  call          = {},
  status        = {Funded},
  fundingamount = {\euro 22,000},
  grantnumber   = {673204776}
}


%%%%%%%%%%%%%%%%%%%%%%%%%%% IN PROGRESS %%%%%%%%%%%%%%%%%%%%%%%%%%%%%%%%%%%%%%%%%%%
%% Keywords used in my CV file include: in progress, Published Article, Conference Presentation, other talks, other doc

@article{GppEfMechanisms,
  author    = {Short Gianotti, Daniel J and Dara Entekhabi},
  author+an = {1=me},
  title     = {Structural and Canopy Water-Use Efficiency Drivers of Water-Carbon Coupling Patterns},
  journal   = {New Phytologist},
  note      = {Submitted to New Phytologist},
  keywords  = {in progress},
  year      = {}
}

@article{meriah,
  author    = {Meriah J Gannon and Short Gianotti, Daniel J and Dara Entekhabi},
  author+an = {1=advisee; 2=me},
  title     = {Meteorological-to-Agricultural Drought Transitions in Historical and Future Climates},
  journal   = {Water Resources Research},
  note      = {In revision for Water Resources Research},
  keywords  = {in revision, in progress},
  year      = {}
}

@article{reza_c3c4,
  author    = {Mohammad Reza Alizadeh and Short Gianotti, Daniel J and Jan Adamowski and Alexandra G Konings and Dara Entekhabi},
  author+an = {2=me},
  title     = {Carbon Fixation Pathways Drive Grassland Responses to Soil Moisture and Atmospheric Dryness},
  note      = {In review at Global Change Biology},
  keywords  = {in progress, in review},
  year      = {},
  journal   = {}
}

@article{reza_coupling,
  author    = {Mohammad Reza Alizadeh and Short Gianotti, Daniel J and J Adamowski and Dara Entekhabi},
  author+an = {2=me},
  title     = {Observed Interactions of Water in Soil-Vegetation-Atmosphere Continuum Across Dry and Wet Regimes},
  note      = {For submission in Water Resources Research},
  keywords  = {in progress},
  year      = {},
  journal   = {}
}

@article{heat_stress,
  author    = {Short Gianotti, Daniel J and Mohammad Reza Alizadeh and Dara Entekhabi},
  author+an = {1=me},
  title     = {Review of Soil Moisture Impacts on Human Heat Stress and Mortality},
  note      = {For submission in Nature Reviews Earth and Environment},
  keywords  = {in progress},
  year      = {},
  journal   = {}
}


%%%%%%%%%%%%%%%%%%%%%%%%%%% PUBLISHED ARTICLES %%%%%%%%%%%%%%%%%%%%%%%%%%%%%%%%%%%%%%%%%%%

@article{2025b,
  author    = {Stefen Eisenacher and Anke Fluhrer and Jan Bliefernicht and 
                Short Gianotti, Daniel J and Harold G Kunstmann and Thomas Jagdhuber},
  author+an = {4=me},
  title     = {Spatio-Temporal Soil Moisture Influences on Lightning Density 
                within continental {U}nited {S}tates},
  journal   = {Earth and Space Science},
  note      = {In press at Earth and Space Science},
  keywords  = {Published Article},
  year      = {2025}
}

@article{2025a,
  author    = {Yawei Xu and Qing He and Hui Lu and Kun Yang and Dara Entekhabi and Short Gianotti, Daniel J},
  author+an = {6=me},
  title     = {A global dataset of remote sensing-based soil critical point and permanent wilting point},
  journal   = {Scientific Data},
  volume      = {12},
  issue       =  {722}, 
  keywords  = {Published Article},
  year      = {2025},
  url 	=  {https://doi.org/10.1038/s41597-025-05048-y},
  doi 	=  {10.1038/s41597-025-05048-y} 
}

@article{2024b,
  author    = {Short Gianotti, D. J. and McColl, K. A. and Feldman, A. F. and Xu, X. and Entekhabi, D.},
  author+an = {1=me},
  title     = {Two sub-annual timescales and coupling modes for terrestrial water and carbon cycles},
  journal   = {Global Change Biology},
  year      = {2024},
  volume    = {30},
  pages     = {e17463},
  doi       = {10.1111/gcb.17463},
  url       = {https://doi.org/10.1111/gcb.17463},
  keywords  = {Published Article}
}

@article{2024a,
  author    = {Short Gianotti, D. J. and Entekhabi, D.},
  author+an = {1=me},
  title     = {Local and general patterns of terrestrial water-carbon coupling},
  journal   = {Geophysical Research Letters},
  year      = {2024},
  volume    = {51},
  pages     = {e2024GL109625},
  doi       = {10.1029/2024GL109625},
  url       = {https://doi.org/10.1029/2024GL109625},
  keywords  = {Published Article}
}

@article{2023e,
  author    = {Feldman, A. F. and Short Gianotti, D. J. and Dong, J. and Trigo, I. F. and Salvucci, G. D. and Entekhabi, D.},
  author+an = {2=me},
  title     = {Tropical surface temperature response to vegetation cover changes and the role of drylands},
  journal   = {Global Change Biology},
  year      = {2023},
  volume    = {29},
  pages     = {110-125},
  doi       = {10.1111/gcb.16455},
  url       = {https://doi.org/10.1111/gcb.16455},
  keywords  = {Published Article}
}

@article{2023d,
  author    = {Dong, J. and Akbar, R. and Feldman, A. F. and Short Gianotti, D. J. and Entekhabi, D.},
  author+an = {4=me},
  title     = {Land Surfaces at the Tipping-Point for Water and Energy Balance Coupling},
  journal   = {Water Resources Research},
  year      = {2023},
  volume    = {59},
  doi       = {10.1029/2022WR032472},
  url       = {https://doi.org/10.1029/2022WR032472},
  keywords  = {Published Article}
}

@article{2023c,
  author    = {Zhang, L. N. and Short Gianotti, D. J. and Entekhabi, D.},
  author+an = {1=advisee;2=me},
  title     = {Land Surface Influence on Convective Available Potential Energy (CAPE) Change During Interstorms},
  journal   = {Journal of Hydrometeorology},
  year      = {2023},
  volume    = {24},
  number    = {8},
  pages     = {1365-1376},
  doi       = {10.1175/JHM-D-22-0191.1},
  url       = {https://doi.org/10.1175/JHM-D-22-0191.1},
  keywords  = {Published Article}
}

@inproceedings{2023b,
  author    = {Xu, Y. and He, Q. and Yao, P. and Lu, H. and Yang, K. and Feldman, A. F. and Short Gianotti, D. J. and Entekhabi, D.},
  author+an = {7=me},
  title     = {Global Characterizations of Drydown Events from a Long-Term Satellite Soil Moisture Dataset},
  booktitle = {IEEE International Geoscience and Remote Sensing Symposium},
  year      = {2023},
  pages     = {2843-2845},
  doi       = {10.1109/IGARSS52108.2023.10282498},
  url       = {https://doi.org/10.1109/IGARSS52108.2023.10282498},
  keywords  = {Published Article}
}

@article{2023a,
  author    = {Feldman, A. F. and Short Gianotti, D. J. and Dong, J. and Akbar, R. and Crow, W. T. and McColl, K. A. and Konings, A. and Nippert, J. B. and Tumber-Davila, S. J. and Holbrook, N. M. and Rockwell, F. E. and Scott, R. L. and Reichle, R. H. and Chatterjee, A. and Joiner, J. and Poulter, B. and Entekhabi, D.},
  author+an = {2=me},
  title     = {Remotely sensed soil moisture can capture dynamics relevant to plant water uptake},
  journal   = {Water Resources Research},
  year      = {2023},
  volume    = {59},
  doi       = {10.1029/2022WR033814},
  url       = {https://doi.org/10.1029/2022WR033814},
  keywords  = {Published Article}
}

@article{2022d,
  author    = {Jonard, F. and Feldman, A. F. and Short Gianotti, D. J. and Entekhabi, D.},
  author+an = {3=me},   
  title    = {Observed water and light limitation across global ecosystems},
  journal   = {Biogeosciences},
  year      = {2022},
  volume    = {19},
  pages     = {5575-5590},
  doi       = {10.5194/bg-19-5575-2022},
  url       = {https://doi.org/10.5194/bg-19-5575-2022},
  keywords  = {Published Article}
}

@article{2022c,
  author    = {Li, Y. and Lu, H. and Entekhabi, D. and Short Gianotti, D. J. and Yang, K. and Luo, C. and Feldman, A. F. and Wang, W. and Jiang, R.},
  author+an = {4=me},
  title    = {Satellite-based assessment of meteorological and agricultural drought in Mainland Southeast Asia},
  journal   = {Journal of Selected Topics in Applied Earth Observations and Remote Sensing},
  year      = {2022},
  volume    = {15},
  pages     = {6180-6189},
  doi       = {10.1109/JSTARS.2022.3190438},
  url       = {https://doi.org/10.1109/JSTARS.2022.3190438},
  keywords  = {Published Article}
}

@article{2022b,
  author    = {Dong, J. and Akbar, R. and Short Gianotti, D. J. and Feldman, A. F. and Crow, W. T. and Entekhabi, D.},
  author+an = {3=me},
  title    = {Can Surface Soil Moisture Information Identify Evapotranspiration Regime Transitions?},
  journal   = {Geophysical Research Letters},
  year      = {2022},
  doi       = {10.5194/bg-2020-380},
  url       = {https://doi.org/10.5194/bg-2020-380},
  keywords  = {Published Article}
}

@article{2022a,
  author    = {Feldman, A. F. and Short Gianotti, D. J. and Trigo, I. F. and Salvucci, G. D. and Entekhabi, D.},
  author+an = {2=me},
  title    = {Observed landscape responsiveness to climate forcing},
  journal   = {Water Resources Research},
  year      = {2022},
  doi       = {10.1029/2021WR030316},
  url       = {https://doi.org/10.1029/2021WR030316},
  keywords  = {Published Article}
}

@article{2021b,
  author    = {Yao, P. and Lu, H. and Shi, J. and Zhao, T. and Yang, K. and Cosh, M. H. and Short Gianotti, D. J. and Entekhabi, D.},
  author+an = {7=me},
  title    = {A long term spatially and temporally consistent global daily soil moisture dataset derived from AMSR-E/2},
  journal   = {Scientific Data},
  year      = {2021},
  doi       = {10.1038/s41597-021-00925-8},
  url       = {https://doi.org/10.1038/s41597-021-00925-8},
  keywords  = {Published Article}
}

@article{2021a,
  author    = {Feldman, A. F. and Short Gianotti, D. J. and Konings, A. G. and Gentine, P. and Entekhabi, D.},
  author+an = {2=me},
  title    = {Patterns of plant rehydration and growth following pulses of soil moisture availability},
  journal   = {Biogeosciences},
  year      = {2021},
  volume    = {18},
  pages     = {831-847},
  doi       = {10.5194/bg-18-831-2021},
  url       = {https://doi.org/10.5194/bg-18-831-2021},
  keywords  = {Published Article}
}

@article{2020e,
  author    = {Feldman, A. F. and Chulakadabba, J. and Short Gianotti, D. J. and Entekhabi, D.},
  author+an = {2=advisee;3=me},
  title    = {Landscape-scale plant water content and carbon flux behavior following moisture pulses: from dryland to mesic environments},
  journal   = {Water Resources Research},
  year      = {2020},
  doi       = {10.1029/2020WR027592},
  url       = {https://doi.org/10.1029/2020WR027592},
  keywords  = {Published Article}
}

@article{2020d,
  author    = {Akbar, R. and Short Gianotti, D. J. and Salvucci, G. D. and Entekhabi, D.},
  author+an = {2=me},
  title    = {Historical Landscape Drainage Estimates Derived from Satellite-Era Hydrological Dynamics},
  journal   = {Water Resources Research},
  year      = {2020},
  doi       = {10.1029/2020WR027307},
  url       = {https://doi.org/10.1029/2020WR027307},
  keywords  = {Published Article}
}

@article{2020c,
  author    = {Feldman, A. F. and Short Gianotti, D. J. and Trigo, I. F. and Salvucci, G. D. and Entekhabi, D.},
  author+an = {2=me},
  title    = {Land-atmosphere drivers of landscape-scale plant water content loss},
  journal   = {Geophysical Research Letters},
  year      = {2020},
  doi       = {10.1029/2020GL090331},
  url       = {https://doi.org/10.1029/2020GL090331},
  keywords  = {Published Article}
}

@article{2020b,
  author    = {Jonard, F. and DeCanni\`ere, S. and Br\"uggemann, N. and Gentine, P. and Short Gianotti, D. J. and Lobet, G. and Miralles, D. G. and Montzka, C. and Pag\'an, B. R. and Rascher, U. and Vereecken, H.},
  author+an = {5=me},
  title    = {Value of chlorophyll fluorescence for quantifying hydrological states and fluxes: Current status and challenges},
  journal   = {Agricultural and Forest Meteorology},
  year      = {2020},
  volume    = {291},
  doi       = {10.1016/j.agrformet.2020.108088},
  url       = {https://doi.org/10.1016/j.agrformet.2020.108088},
  keywords  = {Published Article}
}

@article{2020a,
  author    = {Short Gianotti, D. J. and Akbar, R. and Feldman, A. F. and Salvucci, G. D. and Entekhabi, D.},
  author+an = {1=me},
  title    = {Terrestrial Evaporation and Moisture Drainage in a Warmer Climate},
  journal   = {Geophysical Research Letters},
  year      = {2020},
  volume    = {47},
  doi       = {10.1029/2019GL086498},
  url       = {https://doi.org/10.1029/2019GL086498},
  keywords  = {Published Article}
}

@article{2019d,
  author    = {Feldman, A. F. and Short Gianotti, D. J. and Trigo, I. and Salvucci, G. D. and Entekhabi, D.},
  author+an = {2=me},
  title    = {Satellite-based assessment of land surface energy partitioning-soil moisture relationships and effects of confounding variables},
  journal   = {Water Resources Research},
  year      = {2019},
  volume    = {55},
  pages     = {10657-10677},
  doi       = {10.1029/2019WR025874},
  url       = {https://doi.org/10.1029/2019WR025874},
  keywords  = {Published Article}
}

@article{2019c,
  author    = {Short Gianotti, D. J. and Salvucci, G. D. and Akbar, R. and McColl, K. and Entekhabi, D.},
  author+an = {1=me},
  title    = {Landscape water storage and subsurface correlation from satellite surface soil moisture and precipitation observations},
  journal   = {Water Resources Research},
  year      = {2019},
  volume    = {55},
  pages     = {9111-9132},
  doi       = {10.1029/2019WR025332},
  url       = {https://doi.org/10.1029/2019WR025332},
  keywords  = {Published Article}
}

@article{2019b,
  author    = {Akbar, R. and Short Gianotti, D. J. and Salvucci, G. D. and Entekhabi, D.},
  author+an = {2=me},
  title    = {Mapped Hydroclimatology of Evapotranspiration and Drainage Runoff Using SMAP Brightness Temperature Observations and Precipitation Information},
  journal   = {Water Resources Research},
  year      = {2019},
  volume    = {55},
  pages     = {3391-3413},
  doi       = {10.1029/2018WR024459},
  url       = {https://doi.org/10.1029/2018WR024459},
  keywords  = {Published Article}
}

@article{2019a,
  author    = {Short Gianotti, D. J. and Rigden, A. J. and Salvucci, G. D. and Entekhabi, D.},
  author+an = {1=me},
  title    = {Satellite and station observations demonstrate water availability's effect on continental-scale evaporative and photosynthetic land surface dynamics},
  journal   = {Water Resources Research},
  year      = {2019},
  volume    = {55},
  pages     = {540-554},
  doi       = {10.1029/2018WR023726},
  url       = {https://doi.org/10.1029/2018WR023726},
  keywords  = {Published Article}
}

@article{2018e,
  author    = {Feldman, A. F. and Short Gianotti, D. J. and Konings, A. G. and McColl, K. A. and Akbar, R. and Salvucci, G. D. and Entekhabi, D.},
  author+an = {2=me},
  title    = {Pulse-response vegetation water uptake is persistent across biomes},
  journal   = {Nature Plants},
  year      = {2018},
  volume    = {4},
  number    = {12},
  pages     = {1026-1033},
  doi       = {10.1038/s41477-018-0304-9},
  url       = {https://doi.org/10.1038/s41477-018-0304-9},
  keywords  = {Published Article}
}

@article{2018d,
  author    = {Rigden, A. J. and Salvucci, G. D. and Entekhabi, D. and Short Gianotti, D. J.},
  author+an = {4=me},
  title    = {Partitioning evapotranspiration over the continental {U}nited {S}tates using weather station data},
  journal   = {Geophysical Research Letters},
  year      = {2018},
  volume    = {45},
  number    = {18},
  pages     = {9605-9613},
  doi       = {10.1029/2018GL079121},
  url       = {https://doi.org/10.1029/2018GL079121},
  keywords  = {Published Article}
}

@article{2018c,
  author    = {Akbar, R. and Short Gianotti, D. J. and McColl, K. A. and Haghighi, E. and Salvucci, G. D. and Entekhabi, D.},
  author+an = {2=me},
  title    = {Estimation of landscape soil water losses from satellite observations of soil moisture},
  journal   = {Journal of Hydrometeorology},
  year      = {2018},
  volume    = {19},
  number    = {5},
  pages     = {871-889},
  doi       = {10.1175/JHM-D-17-0200.1},
  url       = {https://doi.org/10.1175/JHM-D-17-0200.1},
  keywords  = {Published Article}
}

@article{2018b,
  author    = {Akbar, R. and Short Gianotti, D. J. and McColl, K. A. and Haghighi, E. and Salvucci, G. D. and Entekhabi, D.},
  author+an = {2=me},
  title    = {Hydrological storage length-scales represented by remote sensing estimates of soil moisture and precipitation},
  journal   = {Water Resources Research},
  year      = {2018},
  volume    = {54},
  number    = {3},
  pages     = {1476-1492},
  doi       = {10.1002/2017WR021508},
  url       = {https://doi.org/10.1002/2017WR021508},
  keywords  = {Published Article}
}

@article{2018a,
  author    = {Haghighi, E. and Short Gianotti, D. J. and Akbar, R. and Salvucci, G. D. and Entekhabi, D.},
  author+an = {2=me},
  title    = {Soil and atmospheric controls on the land surface energy balance: A generalized framework for distinguishing moisture- and energy-limited evaporation regimes},
  journal   = {Water Resources Research},
  year      = {2018},
  volume    = {53},
  number    = {3},
  pages     = {1831-1851},
  doi       = {10.1002/2017WR021729},
  url       = {https://doi.org/10.1002/2017WR021729},
  keywords  = {Published Article}
}


@article{2017b,
  author    = {McColl, K. and Wang, W. and Peng, B. and Akbar, R. and Short Gianotti, D. and Pan, M. and Entekhabi, D.},
  author+an = {5=me},
  title    = {Global characterization of surface soil moisture drydowns},
  journal   = {Geophysical Research Letters},
  year      = {2017},
  volume    = {44},
  number    = {8},
  pages     = {3682-3690},
  doi       = {10.1002/2017GL072819},
  url       = {https://doi.org/10.1002/2017GL072819},
  keywords  = {Published Article}
}

@article{2017a,
  author    = {Anderson, B. T. and Furtado, J. C. and Di Lorenzo, E. and Short Gianotti, D. J.},
  author+an = {4=me},
  title    = {Tracking the Pacific Decadal Precession},
  journal   = {Journal of Geophysical Research: Atmospheres},
  year      = {2017},
  volume    = {122},
  number    = {6},
  pages     = {3214-3227},
  doi       = {10.1002/2016JD025962},
  url       = {https://doi.org/10.1002/2016JD025962},
  keywords  = {Published Article}
}

@article{2016b,
  author    = {Anderson, B. T. and Short Gianotti, D. J. and Salvucci, G. D. and Furtado, J.},
  author+an = {2=me},
  title    = {Dominant timescales of potentially predictable precipitation variations across the continental {U}nited {S}tates},
  journal   = {Journal of Climate},
  year      = {2016},
  volume    = {29},
  pages     = {8881-8897},
  doi       = {10.1175/JCLI-D-15-0635.1},
  url       = {https://doi.org/10.1175/JCLI-D-15-0635.1},
  keywords  = {Published Article}
}

@article{2016a,
  author    = {Anderson, B. T. and Short Gianotti, D. J. and Furtado, J. and Di Lorenzo, E.},
  author+an = {2=me},
  title    = {A decadal precession of atmospheric pressures over the North Pacific},
  journal   = {Geophysical Research Letters},
  year      = {2016},
  volume    = {43},
  number    = {8},
  pages     = {3921-3927},
  doi       = {10.1002/2016GL068206},
  url       = {https://doi.org/10.1002/2016GL068206},
  keywords  = {Published Article}
}

@article{2015c,
  author    = {Anderson, B. T. and Short Gianotti, D. J. and Salvucci, G. D.},
  author+an = {2=me},
  title    = {Detectability of historical trends in station-based precipitation characteristics over the continental {U}nited {S}tates},
  journal   = {Journal of Geophysical Research},
  year      = {2015},
  volume    = {120},
  number    = {10},
  pages     = {4842-4859},
  doi       = {10.1002/2014JD022960},
  url       = {https://doi.org/10.1002/2014JD022960},
  keywords  = {Published Article}
}

@article{2015b,
  author    = {Gill, A. L. and Gallinat, A. S. and Sanders-DeMott, R. and Rigden, A. J. and Short Gianotti, D. J. and Mantooth, J. A. and Templer, P. H.},
  author+an = {5=me},
  title    = {Changes in Autumn Senescence in Northern Hemisphere Deciduous Trees: a Meta-Analysis of Autumn Phenology Studies},
  journal   = {Annals of Botany},
  year      = {2015},
  volume    = {116},
  pages     = {875-888},
  doi       = {10.1093/aob/mcv055},
  url       = {https://doi.org/10.1093/aob/mcv055},
  keywords  = {Published Article}
}

@article{2015a,
  author    = {Anderson, B. T. and Gianotti, D. and Salvucci, G.},
  author+an = {2=me},
  title    = {Characterizing the potential predictability of seasonal, station-based heavy precipitation accumulations and extreme dry-spell durations},
  journal   = {Journal of Hydrometeorology},
  year      = {2015},
  volume    = {16},
  number    = {2},
  pages     = {843-856},
  doi       = {10.1175/JHM-D-14-0111.1},
  url       = {https://doi.org/10.1175/JHM-D-14-0111.1},
  keywords  = {Published Article}
}

@article{2014a,
  author    = {Short Gianotti, D. J. and Anderson, B. T. and Salvucci, G. D.},
  author+an = {1=me},
  title    = {The Potential Predictability of Precipitation Occurrence, Intensity, and Seasonal Totals over the Continental {U}nited {S}tates},
  journal   = {Journal of Climate},
  year      = {2014},
  volume    = {27},
  number    = {18},
  pages     = {6904-6918},
  doi       = {10.1175/JCLI-D-13-00695.1},
  url       = {https://doi.org/10.1175/JCLI-D-13-00695.1},
  keywords  = {Published Article}
}

@article{2013b,
  author    = {Pal, I. and Anderson, B. T. and Salvucci, G. D. and Gianotti, D. J.},
  author+an = {4=me},
  title    = {Shifting seasonality and increasing frequency of precipitation in wet and dry seasons across the {US}},
  journal   = {Geophysical Research Letters},
  year      = {2013},
  volume    = {40},
  number    = {15},
  pages     = {4030-4035},
  doi       = {10.1002/grl.50760},
  url       = {https://doi.org/10.1002/grl.50760},
  keywords  = {Published Article}
}

@article{2013a,
  author    = {Gianotti, D. and Anderson, B. T. and Salvucci, G. D.},
  author+an = {1=me},
  title    = {What Do Rain Gauges Tell Us about the Limits of Precipitation Predictability?},
  journal   = {Journal of Climate},
  year      = {2013},
  volume    = {26},
  number    = {15},
  pages     = {5682-5688},
  doi       = {10.1175/JCLI-D-12-00718.1},
  url       = {https://doi.org/10.1175/JCLI-D-12-00718.1},
  keywords  = {Published Article}
}


%%%%%%%%%%%%%%%%%%%%%%%%%%% CONFERENCE PRESENTATIONS %%%%%%%%%%%%%%%%%%%%%%%%%%%%%%%%%%%%%%%%%%%
%%%%%%%%%%\subsection*{Conference Presentations}

@inproceedings{pShortGianotti2025b,
  author    = {Short Gianotti, Daniel J. and Chulakadabba, Ju and Feldman, A. F. and McColl, K. A. and Xu, X. and Entekhabi, D.},
  author+an = {1=presenter,me},
  title    = {Dominan Mechanisms of Landscape Water-Carbon Coordination},
  booktitle= {Harvard Continentality Workshop},
  year      = {2025},
 % date = {2025-05-23},
  address   = {Cambridge, MA},
  keywords  = {Conference Presentation}
}

@inproceedings{pShortGianotti2025a,
  author    = {Short Gianotti, Daniel J. and Chulakadabba, Ju and Feldman, A. F. and McColl, K. A. and Xu, X. and Entekhabi, D.},
  author+an = {1=presenter,me},
  title    = {Scaling roles of water-use efficiency and leaf area in large-scale water/carbon coupling},
  booktitle= {Dynamic Vegetation Modeling and Observations Conference},
  year      = {2025},
 % date = {2025-04-11},
  address   = {Falmouth, MA},
  keywords  = {Conference Presentation}
}

@inproceedings{pAlizadeh2024,
  author    = {Alizadeh, M. R. and Short Gianotti, Daniel J. and Adamowski, Jan A. and Entekhabi, D.},
  author+an = {1=presenter;2=me},
  title    = {Observed interactions of water in soil-vegetation-atmosphere continuum across US},
  booktitle= {American Geophysical Union Fall Meeting},
  year      = {2024},
 % date = {2024-12-12},
  address   = {Washington, DC},
  note      = {H41K-0686},
  keywords  = {Conference Presentation}
}

@inproceedings{pFeldman2024,
  author    = {Feldman, A. F. and Short Gianotti, Daniel and Konings, A. G. and Trigo, I. F. and Salvucci, G. D. and Entekhabi, D.},
  author+an = {1=presenter;2=me},
  title    = {Plant response to pulse-drydown cycles and their role in the water cycle (invited)},
  booktitle= {American Geophysical Union Fall Meeting},
  year      = {2024},
 % date = {2024-12-13},
  address   = {Washington, DC},
  note      = {GC54F-01},
  keywords  = {Conference Presentation}
}

@inproceedings{pShortGianotti2024,
  author    = {Short Gianotti, D. J. and Entekhabi, D.},
  author+an = {1=me,presenter},
  title    = {Mechanisms stabilizing terrestrial evaporation and carbon uptake},
  booktitle= {American Geophysical Union Fall Meeting},
  year      = {2024},
 % date = {2024-12-9},
  address   = {Washington, DC},
  note      = {B21M-1457},
  keywords  = {Conference Presentation}
}

@inproceedings{pShortGianotti2023,
  author    = {Short Gianotti, D. J. and Entekhabi, D.},
  author+an = {1=me,presenter},
  title    = {Time-scales of water/carbon coupling and their similarities across biomes},
  booktitle= {American Geophysical Union Fall Meeting},
  year      = {2023},
  address   = {San Francisco, CA},
  note      = {B31A-05},
  keywords  = {Conference Presentation}
}

@inproceedings{pFeldman2023,
  author    = {Feldman, A. F. and Short Gianotti, D. J. and Dong, J. and Akbar, R. and Crow, W. T. and McColl, K. A. and Konings, A. G. and Nippert, J. B. and Tumber-Davila, S. J. and Holbrook, N. M. and Rockwell, F. E. and Reichle, R. H. and Chatterjee, A. and Joiner, J. and Poulter, B. and Entekhabi, D.},
  author+an = {1=presenter;2=me},
  title    = {Remotely sensed soil moisture can capture dynamics relevant to plant water uptake},
  booktitle = {American Geophysical Union Fall Meeting},
  year      = {2023},
  address   = {San Francisco, CA},
  note      = {H12E-06},
  keywords  = {Conference Presentation}
}

@inproceedings{pZhang2023,
  author    = {Zhang, L. N. and Short Gianotti, D. J. and Entekhabi, D.},
  author+an = {1=,presenter,advisee;2=me},
  title    = {Land Surface Influence on Convective Available Potential Energy (CAPE) Change During Interstorms},
  booktitle = {American Geophysical Union Fall Meeting},
  year      = {2023},
  address   = {San Francisco, CA},
  note      = {H11D-04},
  keywords  = {Conference Presentation}
}

@inproceedings{pJonard2023,
  author    = {Jonard, F. and De Canniere, S. and Feldman, A. F. and Short Gianotti, D. J. and Entekhabi, D.},
  author+an = {4=me;5=presenter},
  title    = {Remote sensing based framework for observing water and light limitation across global ecosystems},
  booktitle = {American Geophysical Union Fall Meeting},
  year      = {2023},
  address   = {San Francisco, CA},
  note      = {H13M-1632},
  keywords  = {Conference Presentation}
}

@inproceedings{pXu2023,
  author    = {Xu, Y. and He, Q. and Yao, P. and Lu, H. and Yang, K. and Feldman, A. F. and Short Gianotti, D. J. and Entekhabi, D.},
  author+an = {1=presenter;7=me},
  title    = {Global Characterizations of Drydown Events from a Long-Term Satellite Soil Moisture Dataset},
  booktitle = {IEEE International Geoscience and Remote Sensing Symposium},
  year      = {2023},
  address   = {Pasadena, CA},
  doi       = {10.1109/IGARSS52108.2023.10282498},
  url       = {http://doi.org/10.1109/IGARSS52108.2023.10282498},
  keywords  = {Conference Presentation}
}

@inproceedings{pChaparro2023,
  author    = {Chaparro, D. and Jagdhuber, T. and Piles, M. and Link, M. and Fluhrer, A. and Baur, M. J. and Feldman, A. F. and Short Gianotti, D. J. and Entekhabi, D.},
  author+an = {1=presenter;8=me},   title    = {Analyses of the relationship between horizontal and vertical brightness temperatures for derivation of signal-to-noise ratio and vegetation metrics},
  booktitle = {The Fifth Space for Hydrology Workshop},
  year      = {2023},
  address   = {Lisbon, Portugal},
  keywords  = {Conference Presentation}
}

@inproceedings{pGannon2023,
  author    = {Gannon, M. and Short Gianotti, D. J. and Entekhabi, D.},
  author+an = {1=advisee,presenter;2=me},   
  title    =  {The Drought Cascade in a Changing Climate},
  booktitle = {American Meteorological Society Annual Meeting},
  year      = {2023},
  address   = {Denver, CO},
  note      = {10B.1},
  keywords  = {Conference Presentation}
}

@inproceedings{pZhang2023a,
  author    = {Zhang, L. N. and Entekhabi, D. and Short Gianotti, D. J.},
  author+an = {1=advisee,presenter;3=me},
  title    = {Land Surface Influence on Convective Available Potential Energy (CAPE) Change During Drydowns},
  booktitle = {American Meteorological Society Annual Meeting},
  year      = {2023},
  address   = {Denver, CO},
  note      = {JointJ2B.2},
  keywords  = {Conference Presentation}
}

@inproceedings{pFeldman2022,
  author    = {Feldman, A. F. and Short Gianotti, D. J. and Dong, J. and Trigo, I. F. and Salvucci, G. D. and Entekhabi, D.},
  author+an = {1=presenter;2=me},
  title    = {Tropical surface temperature response to vegetation cover changes and the role of drylands},
  booktitle = {American Geophysical Union Fall Meeting},
  year      = {2022},
  address   = {Chicago, IL},
  note      = {B15B-05},
  keywords  = {Conference Presentation}
}

@inproceedings{pZhang2022,
  author    = {Zhang, L. N. and Entekhabi, D. and Short Gianotti, D. J.},
  author+an = {1=presenter,advisee;3=me},
  title    = {Land Surface Influence on Convective Available Potential Energy (CAPE) Evolution During Drydowns},
  booktitle = {American Geophysical Union Fall Meeting},
  year      = {2022},
  address   = {Chicago, IL},
  note      = {H11F-01},
  keywords  = {Conference Presentation}
}

@inproceedings{pShortGianotti2022,
  author    = {Short Gianotti, D. J. and Williams, E. R. and Zhang, L. N. and Entekhabi, D.},
  author+an = {1=me,presenter;3=advisee},
  title    = {Soil Moisture Impacts on Convective Lightning Triggering},
  booktitle = {American Geophysical Union Fall Meeting},
  year      = {2022},
  address   = {Chicago, IL},
  note      = {H32I-07},
  keywords  = {Conference Presentation}
}

@inproceedings{pEntekhabi2022,
  author    = {Entekhabi, D. and Akbar, R. and Dong, J. and Feldman, A. F. and Short Gianotti, D. J.},
  author+an = {1=presenter;5=me},  
  title    = {Detection and mapping of shifts in dominant hydrologic processes guide model development},
  booktitle = {Frontiers in Hydrology Meeting},
  year      = {2022},
  address   = {San Juan, Puerto Rico},
  note      = {126-067},
  keywords  = {Conference Presentation}
}

@inproceedings{pShortGianotti2022a,
  author    = {Short Gianotti, D. J. and McColl, K. A. and Xu, X. and Feldman, A. F. and Entekhabi, D.},
  author+an = {1=me,presenter},   
  title    = {Ecosystem structural dynamics dominate water-use efficiency in coupling the terrestrial water and carbon cycles},
  booktitle = {Frontiers in Hydrology Meeting},
  year      = {2022},
  address   = {San Juan, Puerto Rico},
  note      = {241-04},
  keywords  = {Conference Presentation}
}

@inproceedings{pFeldman2022a,
  author    = {Feldman, A. F. and Short Gianotti, D. J. and Trigo, I. F. and Salvucci, G. D. and Entekhabi, D.},
  author+an = {1=presenter;2=me}, 
  title    = {Observed landscape responsiveness to climate forcing},
  booktitle = {Frontiers in Hydrology Meeting},
  year      = {2022},
  address   = {San Juan, Puerto Rico},
  note      = {139-07},
  keywords  = {Conference Presentation}
}

@inproceedings{pDong2022,
  author    = {Dong, J. and Akbar, R. and Short Gianotti, D. J. and Feldman, A. F. and Crow, W. T. and Entekhabi, D.},
  author+an = {1=presenter;3=me},
  title    = {Can Surface Soil Moisture Information Identify Landscape Evapotranspiration Regime Transitions?},
  booktitle = {Frontiers in Hydrology Meeting},
  year      = {2022},
  address   = {San Juan, Puerto Rico},
  note      = {100-07},
  keywords  = {Conference Presentation}
}

@inproceedings{pShortGianotti2021,
  author    = {Short Gianotti, D. J. and McColl, K. A. and Xu, X. and Feldman, A. F. and Entekhabi, D.},
  author+an = {1=presenter,me},   
  title     = {Emergent observed coupling of terrestrial water, energy, and carbon fluxes},
  booktitle = {American Geophysical Union Fall Meeting},
  year      = {2021},
  address   = {New Orleans, LA},
  note      = {B15D-1460},
  keywords  = {Conference Presentation}
}

@inproceedings{pFeldman2021,
  author    = {Feldman, A. F. and Short Gianotti, D. J. and Trigo, I. F. and Salvucci, G. D. and Entekhabi, D.},
  author+an = {1=presenter;2=me},   title    = {Observed landscape responsiveness to climate forcing},
  booktitle = {American Geophysical Union Fall Meeting},
  year      = {2021},
  address   = {New Orleans, LA},
  note      = {H25L-1178},
  keywords  = {Conference Presentation}
}

@inproceedings{pDong2021,
  author    = {Dong, J. and Akbar, R. and Feldman, A. F. and Short Gianotti, D. J. and Entekhabi, D.},
  author+an = {1=presenter;4=me},   title    = {A new framework for global soil moisture dry-down analysis and its application for vegetation water stress quantification},
  booktitle = {American Geophysical Union Fall Meeting},
  year      = {2021},
  address   = {New Orleans, LA},
  note      = {H15W-1305},
  keywords  = {Conference Presentation}
}

@inproceedings{pShortGianotti2021a,
  author    = {Short Gianotti, D. J. and Entekhabi, D.},
  author+an = {1=presenter,me},   title    = {An emergent spatial Water/Energy/Carbon relationship explained by local coupling},
  booktitle = {Improving Understanding of Land-Atmosphere Interactions through Integration of Surface Flux and Atmospheric Boundary Layer Measurements Workshop, Ameriflux Year of Water Fluxes Community Meeting},
  year      = {2021},
  address   = {Virtual},
  keywords  = {Conference Presentation}
}

@inproceedings{pFeldman2020c,
  author    = {Feldman, A. F. and Short Gianotti, D. J. and Konings, A. G. and Chulakadabba, A. and Gentine, P. and Entekhabi, D.},
  author+an = {1=presenter;2=me;4=advisee}, 
  title    = {Satellite-observed patterns of plant water refilling and growth response following pulses of soil moisture availability},
  booktitle = {Ecological Society of America Annual Meeting},
  year      = {2020},
  address   = {Virtual},
  keywords  = {Conference Presentation}
}

@inproceedings{pShortGianotti2020,
  author    = {Short Gianotti, D. J. and Feldman, A. F. and McColl, K. A. and Salvucci, G. D. and Entekhabi, D.},
  author+an = {1=presenter,me},  
  title    = {Emergent Climatological Coupling of the Terrestrial Carbon Sink with Water and Energy Availability},
  booktitle = {American Geophysical Union Fall Meeting},
  year      = {2020},
  address   = {Virtual},
  note      = {B117-03},
  keywords  = {Conference Presentation}
}

@inproceedings{pFeldman2020b,
  author    = {Feldman, A. F. and Short Gianotti, D. J. and Trigo, I. F. and Salvucci, G. D. and Entekhabi, D.},
  author+an = {1=presenter;2=me},
  title     = {Land-atmosphere drivers of landscape-scale plant water content loss using satellite observations},
  booktitle = {American Geophysical Union Fall Meeting},
  year      = {2020},
  address   = {Virtual},
  note      = {B090-02},
  keywords  = {Conference Presentation}
}

@inproceedings{pFeldman2020a,
  author    = {Feldman, A. F. and Short Gianotti, D. J. and Konings, A. G. and Gentine, P. and McColl, K. A. and Akbar, R. 
               and Salvucci, G. D. and Entekhabi, D.},
  author+an = {1=presenter;2=me},
  title    = {SMAP Measurements Show Water Movement in the Soil-Plant Continuum as Pulses},
  booktitle = {16th Specialist Meeting on Microwave Radiometry (MicroRAD)},
  year      = {2020},
  address   = {Virtual},
  keywords  = {Conference Presentation}
}

@inproceedings{pShortGianotti2019,
  author    = {Short Gianotti, D. J. and Akbar, R. and Feldman, A. F. and Salvucci, G. D. and Entekhabi, D.},
  author+an = {1=presenter,me},   
  title    = {Land Surface Fluxes and Hydrologic Sensitivities in a Warmer Climate},
  booktitle = {American Geophysical Union Fall Meeting},
  year      = {2019},
  address   = {San Francisco, CA},
  note      = {H54G-08},
  keywords  = {Conference Presentation}
}

@inproceedings{pFeldman2019,
  author    = {Feldman, A. F. and Short Gianotti, D. J. and Trigo, I. F. and Salvucci, G. D. and Entekhabi, D.},
  author+an = {1=presenter;2=me},   
  title    = {Satellite-based assessment of land surface energy partitioning-soil moisture relationships and effects of 
              confounding variables},
  booktitle = {American Geophysical Union Fall Meeting},
  year      = {2019},
  address   = {San Francisco, CA},
  note      = {H53F-05},
  keywords  = {Conference Presentation}
}

@inproceedings{pLi2019,
  author    = {Li, Y. and Lu, H. and Entekhabi, D. and Short Gianotti, D. J.},
  author+an = {1=presenter;4=me},   
  title     = {The impact of higher-than-radiometer resolution landscape and weather features on SMAP product},
  booktitle = {American Geophysical Union Fall Meeting},
  year      = {2019},
  address   = {San Francisco, CA},
  note      = {H51S-1771},
  keywords  = {Conference Presentation}
}

@inproceedings{pShortGianotti2019a,
  author    = {Short Gianotti, D. J. and Salvucci, G. D. and Akbar, R. and Cuenca, R. and Entekhabi, D.},
  author+an = {1=me;5=presenter}, 
  title     = {Surface-Subsurface Linkages Derived From SMAP Time Series},
  booktitle = {SMAP Science Team Meeting \#13},
  year      = {2019},
  address   = {Arcadia, CA},
  keywords  = {Conference Presentation}
}

@inproceedings{pShortGianotti2019b,
  author    = {Short Gianotti, D. J. and Akbar, R. and Feldman, A. F. and Salvucci, G. D. and Entekhabi, D.},
  author+an = {1=me;5=presenter},
  title     = {Consequences of the Acceleration of Water Cycle on Surface Water Balance Components Using SMAP Observations},
  booktitle = {SMAP Science Team Meeting \#13},
  year      = {2019},
  address   = {Arcadia, CA},
  keywords  = {Conference Presentation}
}

@inproceedings{pEntekhabi2019,
  author    = {Entekhabi, D. and Akbar, R. and Short Gianotti, D. J.},
  author+an = {1=presenter;3=me},  
  title     = {Decadal Distribution of ET and Drainage Based on SMAP Based Hydrologic Analogues and Historical Precipitation},
  booktitle = {SMAP Science Team Meeting \#13},
  year      = {2019},
  address   = {Arcadia, CA},
  keywords  = {Conference Presentation}
}

@inproceedings{pAkbar2019,
  author    = {Akbar, R. and Short Gianotti, D. J. and Salvucci, G. D. and Entekhabi, D.},
  author+an = {1=presenter;2=me},   
  title     = {Seasonal Hydroclimatology of ET and Drainage from SMAP TB and Precipitation},
  booktitle = {SMAP Science Team Meeting \#13},
  year      = {2019},
  address   = {Arcadia, CA},
  keywords  = {Conference Presentation}
}

@inproceedings{pFeldman2019a,
  author    = {Feldman, A. F. and Short Gianotti, D. J. and Trigo, I. and Salvucci, G. D. and Entekhabi, D.},
  author+an = {1=presenter;2=me},  
  title     = {Satellite-Based Assessment of Surface Energy Partitioning Soil Moisture Relationships},
  booktitle = {SMAP Science Team Meeting \#13},
  year      = {2019},
  address   = {Arcadia, CA},
  keywords  = {Conference Presentation}
}

@inproceedings{pYao2019,
  author    = {Yao, P. and Lu, H. and Yue, S. and Yang, F. and Lyu, H. and Yang, K. and McColl, K. A. and Short Gianotti, D. J. 
               and Entekhabi, D.},
  author+an = {1=presenter;8=me},  
  title     = {Estimating Surface Soil Moisture from AMSR2 TB with Artificial Neural Network Method and SMAP Products},
  booktitle = {IEEE Geoscience and Remote Sensing Society},
  year      = {2019},
  address   = {Yokohama, Japan},
  note      = {Paper \#2869},
  keywords  = {Conference Presentation}
}

@inproceedings{pShortGianotti2018,
  author    = {Short Gianotti, D. G. and Salvucci, G. D. and McColl, K. A. and Akbar, R. and Entekhabi, D.},
  author+an = {1=presenter,me},  
  title     = {Hydrologic length scale of L-band radiometric soil moisture retrievals},
  booktitle = {American Geophysical Union Fall Meeting},
  year      = {2018},
  address   = {Washington, DC},
  note      = {H42G-02},
  keywords  = {Conference Presentation}
}

@inproceedings{pFeldman2018,
  author    = {Feldman, A. F. and Short Gianotti, D. J. and Konings, A. G. and McColl, K. A. and Akbar, R. and Salvucci, G. D. 
               and Entekhabi, D.},
  author+an = {1=presenter;2=me},   
  title     = {Water Exchange Patterns in the Soil-Plant Continuum Based on SMAP Microwave Satellite Measurements},
  booktitle = {American Geophysical Union Fall Meeting},
  year      = {2018},
  address   = {Washington, DC},
  note      = {B53D-06},
  keywords  = {Conference Presentation}
}

@inproceedings{pLu2018,
  author    = {Lu, H. and Yang, F. and Lyu, H. and Yang, K. and McColl, K. A. and Short Gianotti, D. J. and Entekhabi, D.},
  author+an = {1=presenter;7=me}, 
  title     = {Estimating Surface Soil Moisture from AMSR2 TB with Machine Learning Methods and SMAP Products},
  booktitle = {American Geophysical Union Fall Meeting},
  year      = {2018},
  address   = {Washington, DC},
  note      = {H51W-1649},
  keywords  = {Conference Presentation}
}

@inproceedings{pSalvucci2018,
  author    = {Salvucci, G. D. and Rigden, A. J. and Entekhabi, D. and Short Gianotti, D. J.},
  author+an = {1=presenter;4=me}, 
  title     = {Partitioning evapotranspiration over the continental {U}nited {S}tates using SMAP observations and weather station data},
  booktitle = {American Geophysical Union Fall Meeting},
  year      = {2018},
  address   = {Washington, DC},
  note      = {H41F-01},
  keywords  = {Conference Presentation}
}

@inproceedings{pShortGianotti2018a,
  author    = {Short Gianotti, D. J. and Salvucci, G. D. and Rigden, A. J. and Entekhabi, D.},
  author+an = {1=presenter,me}, 
  title     = {Water Use Efficiency Dependence on Soil Moisture},
  booktitle = {Science Utilization of SMAP Meeting \#2},
  year      = {2018},
  address   = {Arcadia, CA},
  keywords  = {Conference Presentation}
}

@inproceedings{pFeldman2018a,
  author    = {Feldman, A. F. and Short Gianotti, D. J. and Konings, A. G. and McColl, K. A. and Akbar, R. and Salvucci, G. D.
               and Entekhabi, D.},
  author+an = {1=presenter;2=me},   
  title     = {Water Exchange Patterns in the Soil-Plant Continuum Based on SMAP Microwave Satellite Measurements},
  booktitle = {Science Utilization of SMAP Meeting \#2},
  year      = {2018},
  address   = {Arcadia, CA},
  keywords  = {Conference Presentation}
}

@inproceedings{pShortGianotti2018b,
  author    = {Short Gianotti, D. J. and Salvucci, G. D. and Rigden, A. J. and Entekhabi, D.},
  author+an = {1=me;4=presenter},   
  title     = {Linkages between water, energy and carbon cycles revealed by SMAP},
  booktitle = {SMAP End of Prime Mission Science Meeting},
  year      = {2018},
  address   = {Jet Propulsion Laboratory, Pasadena, CA},
  keywords  = {Conference Presentation}
}

@inproceedings{pAkbar2018,
  author    = {Akbar, R. and Short Gianotti, D. J. and McColl, K. and Haghighi, E. and Salvucci, G. D. and Entekhabi, D.},
  author+an = {2=presenter,me},
  title    = {Estimation of ecosystem-scale soil water losses from satellite observations of soil moisture},
  booktitle = {SMAP End of Prime Mission Science Meeting},
  year      = {2018},
  address   = {Jet Propulsion Laboratory, Pasadena, CA},
  keywords  = {Conference Presentation}
}

@inproceedings{pShortGianotti2017,
  author    = {Short Gianotti, D. J. and Rigden, A. J. and Salvucci, G. D. and Entekhabi, D.},
  author+an = {1=presenter,me},   
  title    = {Effects of water availability through the coupled land-atmosphere system},
  booktitle = {American Geophysical Union Fall Meeting},
  year      = {2017},
  address   = {New Orleans, LA},
  note      = {H12G-07},
  keywords  = {Conference Presentation}
}

@inproceedings{pHaghighi2017,
  author    = {Haghighi, E. and Short Gianotti, D. J. and Akbar, R. and Salvucci, G. D. and Entekhabi, D.},
  author+an = {1=presenter;2=me},  
  title    = {What determines transitions between energy- and moisture-limited evaporative regimes?},
  booktitle = {American Geophysical Union Fall Meeting},
  year      = {2017},
  address   = {New Orleans, LA},
  note      = {H44C-07},
  keywords  = {Conference Presentation}
}

@inproceedings{pSalvucci2017,
  author    = {Salvucci, G. D. and Rigden, A. J. and Short Gianotti, D. J. and Entekhabi, D.},
  author+an = {1=presenter;3=me},  
  title    = {Soil moisture (SMAP) and vapor pressure deficit controls on evaporation fraction over the Continental U.S.},
  booktitle = {American Geophysical Union Fall Meeting},
  year      = {2017},
  address   = {New Orleans, LA},
  note      = {H12G-01},
  keywords  = {Conference Presentation}
}

@inproceedings{pShortGianotti2017a,
  author    = {Short Gianotti, D. J. and Rigden, A. J. and Salvucci, G. D. and Entekhabi, D.},
  author+an = {1=presenter,me},   
  title    = {Soil moisture controls on water/energy/carbon coupling},
  booktitle = {Science Utilization of SMAP Meeting},
  year      = {2017},
  address   = {Cambridge, MA},
  keywords  = {Conference Presentation}
}

@inproceedings{pAkbar2017,
  author    = {Akbar, R. and Short Gianotti, D. J. and Haghighi, E. and Salvucci, G. D. and Entekhabi, D.},
  author+an = {1=presenter;2=me},
  title    = {Estimation of ecosystem-scale soil water losses from satellite observations of soil moisture},
  booktitle = {Science Utilization of SMAP Meeting},
  year      = {2017},
  address   = {Cambridge, MA},
  keywords  = {Conference Presentation}
}

@inproceedings{pEntekhabi2017,
  author    = {Entekhabi, D. and SMAP Science Team and Short Gianotti, D. J. and Akbar, R. and Rigden, A. J. and Salvucci, G. D. and Kimball, J. S.},
  author+an = {1=presenter;3=me},  
   title    = {The Science Applications of SMAP},
  booktitle = {Science Utilization of SMAP Meeting},
  year      = {2017},
  address   = {Cambridge, MA},
  keywords  = {Conference Presentation}
}

@inproceedings{pShortGianotti2016,
  author    = {Short Gianotti, D. J. and Rigden, A. J. and Salvucci, G. D. and Entekhabi, D.},
  author+an = {1=presenter,me}, 
  title     = {Soil Moisture Controls on Evaporative Fraction},
  booktitle = {American Geophysical Union Fall Meeting},
  year      = {2016},
  address   = {San Francisco, CA},
  note      = {H24C-03},
  keywords  = {Conference Presentation}
}

@inproceedings{pShortGianotti2015,
  author    = {Short Gianotti, D. J. and Salvucci, G. D. and Anderson, B. T.},
  author+an = {1=presenter,me},  
  title    = {California Drought, Weather Variability, and Climate Variability},
  booktitle = {AGU Chapman Conference on California Drought: Causes, Impacts, and Policy},
  year      = {2015},
  address   = {Irvine, CA},
  keywords  = {Conference Presentation}
}

@inproceedings{pShortGianotti2014,
  author    = {Short Gianotti, D. J. and Anderson, B. T. and Salvucci, G. D.},
  author+an = {1=presenter,me}, 
  title    = {Characterizing weather and climate variability for precipitation: A data-based stochastic modeling framework},
  booktitle = {American Geophysical Union Fall Meeting},
  year      = {2014},
  address   = {San Francisco, CA},
  keywords  = {Conference Presentation}
}

@inproceedings{pShortGianotti2014a,
  author    = {Short Gianotti, D. J. and Anderson, B. T. and Salvucci, G. D.},
  author+an = {1=presenter,me},  
  title    = {Stochastic analysis of California's recent precipitation drought in the context of the last one hundred years},
  booktitle = {American Geophysical Union Fall Meeting},
  year      = {2014},
  address   = {San Francisco, CA},
  keywords  = {Conference Presentation}
}

@inproceedings{pDietze2014,
  author    = {Dietze, M. and Emery, H. E. and Gergel, D. and Gianotti, D. and Mantooth, J. A. and Rigden, A. J.},
  author+an = {1=presenter;4=me}, 
  title    = {Integrating satellite and tower phenology: a case-study in real-time ecological forecasting},
  booktitle = {American Geophysical Union Fall Meeting},
  year      = {2014},
  address   = {San Francisco, CA},
  keywords  = {Conference Presentation}
}

@inproceedings{pDietze2014a,
  author    = {Dietze, M. and Emery, H. E. and Gergel, D. and Gianotti, D. and Mantooth, J. A. and Rigden, A. J.},
  author+an = {1=presenter;4=me},  
  title    = {Predicting phenology: A case-study in real-time ecological forecasting},
  booktitle = {Ecological Society of America Annual Meeting},
  year      = {2014},
  address   = {Sacramento, CA},
  keywords  = {Conference Presentation}
}

@inproceedings{pGianotti2013,
  author    = {Gianotti, D. J. and Anderson, B. T. and Salvucci, G. D.},
  author+an = {1=presenter,me},  
  title    = {Potential Predictability of Precipitation: Occurrence or Intensity?},
  booktitle = {38th Climate Diagnostic and Prediction Workshop},
  year      = {2013},
  address   = {College Park, MD},
  keywords  = {Conference Presentation}
}

@inproceedings{pGianotti2012,
  author    = {Gianotti, D. J. and Anderson, B. T. and Salvucci, G. D.},
  author+an = {1=presenter,me},   
  title    = {Establishing Potential Predictability of U.S. Precipitation Using Rain Gauge Data},
  booktitle = {37th Climate Diagnostic and Prediction Workshop},
  year      = {2012},
  address   = {Fort Collins, CO},
  keywords  = {Conference Presentation}
}

@inproceedings{pPal2012,
  author    = {Pal, I. and Anderson, B. T. and Salvucci, G. and Gianotti, D. J.},
  author+an = {1=presenter;4=me}, 
  title    = {Magnitude and significance of observed trends in precipitation frequency over the U.S.},
  booktitle = {37th Climate Diagnostic and Prediction Workshop},
  year      = {2012},
  address   = {Fort Collins, CO},
  keywords  = {Conference Presentation}
}

@inproceedings{pAnderson2012,
  author    = {Anderson, B. T. and Gianotti, D. J. and Salvucci, G. D.},
  author+an = {1=presenter;2=me}, 
  title    = {Historical expansion of the summertime monsoon over the southwestern {U}nited {S}tates: What can regional models tell us about its causes?},
  booktitle = {Regional Spectral Modeling Workshop},
  year      = {2012},
  address   = {Scripps Institution of Oceanography, San Diego, CA},
  keywords  = {Conference Presentation}
}

@inproceedings{pPal2012a,
  author    = {Pal, I. and Anderson, B. T. and Salvucci, G. and Gianotti, D. J.},
  author+an = {1=presenter;4=me},  
  title    = {Magnitude and significance of observed trends in precipitation frequency over the {US}},
  booktitle = {American Geophysical Union Fall Meeting},
  year      = {2012},
  address   = {San Francisco, CA},
  keywords  = {Conference Presentation}
}

@inproceedings{pGianotti2011,
  author    = {Gianotti, D. and Anderson, B. T. and Salvucci, G.},
  author+an = {1=presenter,me},  
  title    = {Stochastic and deterministic aspects of observed seasonal-mean precipitation variations and extreme event occurrences over the {U}nited {S}tates},
  booktitle = {American Geophysical Union Fall Meeting},
  year      = {2011},
  address   = {San Francisco, CA},
  keywords  = {Conference Presentation}
}

@inproceedings{pAnderson2011,
  author    = {Anderson, B. T. and Gianotti, D. and Salvucci, G. D.},
  author+an = {1=presenter;2=me},  
  title    = {Detection of historical summertime monsoon precipitation variations and trends over the southwestern {U}nited {S}tates},
  booktitle = {WCRP Open Science Conference},
  year      = {2011},
  address   = {Denver, CO},
  keywords  = {Conference Presentation}
}

@inproceedings{pAnderson2011a,
  author    = {Anderson, B. T. and Gianotti, D. and Salvucci, G. D.},
  author+an = {1=presenter;2=me},  
  title    = {Detection of historical precipitation variations and trends over the continental {U}nited {S}tates},
  booktitle = {Department of Energy Principal Investigators Meeting},
  year      = {2011},
  address   = {Washington, DC},
  keywords  = {Conference Presentation}
}

@inproceedings{pSchubert2007,
  author    = {Schubert, D. H. and Gianotti, D. J. and Sauers, K.},
  author+an = {1=presenter;2=me},  
  title    = {Upgrades to a wastewater lagoon treatment system in a rural sub-Arctic community in Alaska},
  booktitle = {International Symposium on Cold Region Development},
  year      = {2007},
  address   = {Tampere, Finland},
  keywords  = {Conference Presentation}
}

@inproceedings{pSchubert2007a,
  author    = {Schubert, Daniel H. and Gianotti, D. J. and Jones, Greg},
  author+an = {1=presenter;2=me}, 
  title    = {Application of a Thermal-hydraulic Model to Analyze and Design a Circulating Water System in Alaska},
  booktitle = {International Symposium on Cold Region Development},
  year      = {2007},
  address   = {Tampere, Finland},
  keywords  = {Conference Presentation}
}

@inproceedings{pGianotti2005,
  author    = {Gianotti, D. J. and Woolard, Craig and White, Dan},
  author+an = {1=presenter,me},  
  title    = {Wastewater treatment lagoon design in rural Alaska},
  booktitle = {45th Alaska Water and Wastewater Management Association Annual Conference},
  year      = {2005},
  address   = {Juneau, AK},
  keywords  = {Conference Presentation}
}

% Bruce AMS?


%%%%%%%%%%%%%%%%%%%%%%%%%%% INVITED TALKS, SEMINARS, NON-CONFERENCE PRESENTATIONS %%%%%%%%%%%%%%%%%%%%%%%%%%%%%%%%%%%%%%%%%%%
@inproceedings{MITEnergyInitiative2024,
  author    = {Mohommad Reza Alizedeh and Koko Kummel and Short Gianotti, Daniel J and Dara Entekhabi},
  author+an = {2=presenter,advisee;3=presenter,me},   
  title     = {Global Mapping of Groundwater Recharge and Sustainable Aquifer Water Withdrawls using Satellite Observations},
  booktitle = {MIT Energy Initiative, 2024 Future Energy Systems Center Fall Workshop},
  year      = {2024},
  date      = {2024-11-20},
  address   = {Massachusetts Institute of Technology},
  presentingauthor = {Koko Kummel and Short Gianotti, Daniel J},
  keywords  = {other talks}
}

@inproceedings{ShortGianotti2024,
  author    = {Short Gianotti, D. J. and Entekhabi, D. and McColl, K. A. and Feldman, A. F. and Xu, X.},
  author+an = {1=presenter,me}, 
  title    = {Patterns and Drivers of Water/Carbon Coupling Across Biomes},
  booktitle = {Energy \& Water Resources Spring Seminar Series, Department of Civil \& Environmental Engineering, Cornell University},
  year      = {2024},
  address   = {Cornell University},
  note      = {Invited Talk},
  presentingauthor = {Short Gianotti, D. J.},
  keywords  = {other talks}
}

@inproceedings{ShortGianotti2020,
  author    = {Short Gianotti, D. J. and Akbar, R. and Feldman, A. F. and Salvucci, G. D. and Entekhabi, D.},
  author+an = {1=presenter,me},  
  title    = {Climatic Changes in Land Surface Evaporation and Drainage to Streams},
  booktitle = {Ralph M. Parsons Laboratory Remote Environmental Science Seminar Series, Massachusetts Institute of Technology},
  year      = {2020},
  address   = {Massachusetts Institute of Technology},
  presentingauthor = {Short Gianotti, D. J.},
  keywords  = {other talks}
}

@inproceedings{Feldman2020,
  author    = {Feldman, A. F. and Short Gianotti, D. J. and Konings, A. G. and Gentine, P. and Entekhabi, D.},
  author+an = {1=presenter;2=me}, 
  title    = {Thirsty plants: Tracking their water uptake from space},
  booktitle = {Ralph M. Parsons Laboratory Remote Environmental Science Seminar Series, Massachusetts Institute of Technology},
  year      = {2020},
  address   = {Massachusetts Institute of Technology},
  presentingauthor = {Feldman, A. F.},
  keywords  = {other talks}
}

@inproceedings{ShortGianotti2020a,
  author    = {Short Gianotti, D. J.},
  author+an = {1=presenter,me},
  title    = {Water limitation and vegetation response},
  booktitle = {Arnold Arboretum of Harvard University Research Talks Series, Arnold Arboretum},
  year      = {2020},
  address   = {Arnold Arboretum},
  note      = {Invited Talk},
  presentingauthor = {Short Gianotti, D. J.},
  keywords  = {other talks}
}

@inproceedings{ShortGianotti2019,
  author    = {Short Gianotti, D. J.},
  author+an = {1=presenter,me},   title    = {Water availability controls on vegetated ecosystems},
  booktitle = {Ralph M. Parsons Laboratory Environmental Science Seminar Series, Massachusetts Institute of Technology},
  year      = {2019},
  address   = {Massachusetts Institute of Technology},
  presentingauthor = {Short Gianotti, D. J.},
  keywords  = {other talks}
}

@inproceedings{Toft2019,
  author    = {Toft, N. and Lutz, N. and Short Gianotti, D. J. and Entekhabi, D.},
  author+an = {1=presenter,advisee;2=presenter,advisee;3=me},
  title    = {Impacts of Soil Moisture on Ecosystem Carbon and Water Exchanges},
  booktitle = {Civil \& Environmental Engineering Mini-UROP Presentations, Massachusetts Institute of Technology},
  year      = {2019},
  address   = {Massachusetts Institute of Technology},
  note      = {Student Advisee},
  presentingauthor = {Toft, N.},
  keywords  = {other talks}
}

@inproceedings{ShortGianotti2016,
  author    = {Short Gianotti, D. J.},
  author+an = {1=presenter,me},  
  title    = {The Potential Predictability of Precipitation over the Continental {U}nited {S}tates},
  booktitle = {Dissertation Defense, Boston University},
  year      = {2016},
  address   = {Boston University},
  presentingauthor = {Short Gianotti, D. J.},
  keywords  = {other talks}
}

@inproceedings{Gianotti2015,
  author    = {Gianotti, D. J.},
  author+an = {1=presenter,me},  
  title    = {Weather models for climate variability},
  booktitle = {Dept. of Earth \& Env. Graduate Student Presentations, Boston University},
  year      = {2015},
  address   = {Boston University},
  presentingauthor = {Gianotti, D. J.},
  keywords  = {other talks}
}

@inproceedings{Gianotti2014,
  author    = {Gianotti, D. J.},
  author+an = {1=presenter,me},  
  title    = {Real weather, fake weather, and the California Drought},
  booktitle = {Dept. of Earth \& Env. Graduate Student Presentations, Boston University},
  year      = {2014},
  address   = {Boston University},
  presentingauthor = {Gianotti, D. J.},
  keywords  = {other talks}
}

@inproceedings{Gianotti2012,
  author    = {Gianotti, D. J.},
  author+an = {1=presenter,me},  
  title    = {How predictable is rain?},
  booktitle = {Dept. of Geography \& Env. Graduate Student Presentations, Boston University},
  year      = {2012},
  address   = {Boston University},
  presentingauthor = {Gianotti, D. J.},
  keywords  = {other talks}
}

@inproceedings{Gianotti2012a,
  author    = {Gianotti, D. J. and Anderson, B. T. and Salvucci, G.},
  author+an = {1=presenter,me},
  title    = {Stochastic and deterministic aspects of observed seasonal-mean precipitation variations and extreme event 
              occurrences over the {U}nited {S}tates},
  booktitle = {Science and Engineering Research Symposium, Boston University},
  year      = {2012},
  address   = {Boston University},
  presentingauthor = {Gianotti, D. J.},
  keywords  = {other talks}
}


%%%%%%%%%%%%%%%%%%%%%%%%%%% NON-PEER-REVIEWED ARTICLES / REPORTS  %%%%%%%%%%%%%%%%%%%%%%%%%%%%%%%%%%%%%%%%%%%
@online{kernel_weather_gen,
  author    = {Short Gianotti, Daniel J and Guido D Salvucci and Bruce T Anderson},
  author+an = {1=me},   
  title     = {A kernel auto-regressive weather generator for improved subseasonal-to-seasonal precipitation statistics},
  date      = {2020-08-01},
  langid    = {english},
  eprinttype = {ESS Open Archive},
  eprint    = {essoar.10503866.1},
  url       = {https://doi.org/10.1002/essoar.10503866.1},
  keywords  = {in prep, prepring, other doc}
}

%%%%%%%%%%%Engineering reports
@techreport{Schubert2007,
  author    = {Schubert, Daniel H. and Gianotti, D. J. and Sauers, Kurt},
  author+an = {2=me},   
  title     = {Upgrades to a wastewater lagoon treatment system in a rural sub-Arctic community in Alaska},
  institution = {Proceedings of the 8th International Symposium on Cold Region Development},
  year      = {2007},
  keywords  = {other doc}
}

@techreport{Schubert2007a,
  author    = {Schubert, Daniel H. and Gianotti, D. J. and Jones, G.},
  author+an = {2=me},   
  title    = {Application of a Thermal-hydraulic Model to Analyze and Design a Circulating Water System in Alaska},
  institution = {Proceedings of the 8th International Symposium on Cold Region Development},
  year      = {2007},
  keywords  = {other doc}
}

@techreport{Woolard2005,
  author    = {Woolard, Craig and Gianotti, Daniel and Hardie, Kyle and White, Dan and Pinto, A.},
  author+an = {2=me},  
  title    = {Waste Stabilization Pond Design and Performance Study},
  institution = {Prepared for the Alaska Department of Environmental Conservation},
  year      = {2005},
  keywords  = {other doc}
}

@mastersthesis{Gianotti2003,
  author    = {Gianotti, Daniel J.},
  author+an = {1=me},  
  title    = {Fluid drop coalescence in a Hele-Shaw cell},
  school = {Harvey Mudd College},
  year      = {2003},
  keywords  = {other doc},
  type      = {Bachelor's Thesis},
  month     = {5},
  note      = {Undergraduate Mathematics Thesis, Advised by A. Nadim},
  keywords  = {other doc}
}

@techreport{Lampe2002,
  author    = {Lampe, K. and Hultman, K. and Hedstrom, K. and Gianotti, D. and Deyo, E. and Seat, R.},
  author+an = {4=me},  
  title    = {Internal metrology for the Space Interferometry Mission},
  institution = {Undergraduate Physics Clinic Report, Advised by R. Haskell, D. MacDonald, and B. Nemati, 
                 Harvey Mudd College \& NASA-JPL},
  year      = {2002},
  keywords  = {other doc}
}




%%%%%%%%%%%%%%%%%%%%%%%%%%% MEDIA COVERAGE %%%%%%%%%%%%%%%%%%%%%%%%%%%%%%%%%%%%%%%%%%%


%%%%%%%%%%%%%%%%%%%%%%%%%%% SOFTWARE %%%%%%%%%%%%%%%%%%%%%%%%%%%%%%%%%%%%%%%%%%%
@misc{sShortGianotti2016,
  author    = {Short Gianotti, D. J.},
  author+an = {1=me},   
  title    = {Occurrence {M}arkov Chain daily precipitation model},
  year      = {2016},
  url       = {http://github.com/dgianotti/OMC-precip},
  doi       = {10.5281/zenodo.45435},
  keywords  = {software}
}



%%%%%%%%%%%%%%%%%%%%%%%%%%% DATASETS %%%%%%%%%%%%%%%%%%%%%%%%%%%%%%%%%%%%%%%%%%%
@dataset{dShortGianotti2024,
  author    = {Short Gianotti, D. J.},
  author+an = {1=me},   
  title     = {Processed Data for {S}hort {G}ianotti et al., ``{T}wo Sub-Annual Time-Scales and Coupling Modes for Terrestrial Water and Carbon Cycles''},
  year      = {2024},
  publisher = {Global Change Biology},
  note      = {Data set},
  doi       = {10.5281/zenodo.13144427},
  url       = {https://doi.org/10.5281/zenodo.13144427},
  keywords  = {dataset}
 }
 